% This file was created with JabRef 2.7.2.
% Encoding: Cp1252

@MISC{bell2007,
  author = {Bradley Bell},
  title = {{CppAD Documentation}},
  year = {2007},
  note = {\url{http://www.coin-or.org/CppAD/Doc/cppad.xml}}
}

@ARTICLE{fourer2005a,
  author = {R. Fourer and L. Lopes and K. Martin },
  title = {{LPFML: A W3C XML} Schema for Linear and Integer Programming},
  journal = {{INFORMS} Journal on Computing},
  year = {2005},
  volume = {17},
  pages = {139--158}
}

@BOOK{griewank2000,
  title = {Evaluating Derivatives:\ Principles and Techniques of Algorithmic
	Differentiation},
  publisher = {SIAM},
  year = {2000},
  author = {Andreas Griewank},
  address = {Philadelphia, PA}
}

@MISC{junma2005,
  author = {J. Ma},
  title = {Optimization {S}ervices {(OS)}, {A} {G}eneral {F}ramework for {O}ptimization
	{M}odeling {S}ystems},
  year = {2005},
  note = {Ph.D. Dissertation, Department of Industrial Engineering \& Management
	Sciences, Northwestern University, Evanston, IL}
}

@ARTICLE{ralphsgalatiMP,
  author = {T.K. Ralphs and M.V. Galati},
  title = {Decomposition and Dynamic Cut Generation in Integer Linear Programming},
  journal = {Mathematical Programming},
  year = {2005},
  volume = {106},
  pages = {261-285}
}

@ARTICLE{rosenbrock1960,
  author = {H.H. Rosenbrock},
  title = {An Automatic Method for Finding the Greatest or Least Value of a
	Function},
  journal = {Comp. J.},
  year = {1960},
  volume = {3},
  pages = {175-184}
}

